<record><leader>00000cas a22000007a 4500</leader><controlfield tag="001">9889195</controlfield><controlfield tag="008">830909d18641869nvudn ne      0   a0eng d</controlfield><datafield ind1=" " ind2=" " tag="010"><subfield code="a">sn 83026613 </subfield></datafield><datafield ind1=" " ind2=" " tag="040"><subfield code="a">NPV</subfield><subfield code="b">eng</subfield><subfield code="c">NPV</subfield><subfield code="d">NPU</subfield><subfield code="d">NNX</subfield><subfield code="d">CNK</subfield><subfield code="d">CNW</subfield><subfield code="d">OCL</subfield><subfield code="d">OCLCF</subfield><subfield code="d">OCLCO</subfield><subfield code="d">CUS</subfield></datafield><datafield ind1=" " ind2=" " tag="042"><subfield code="a">msc</subfield></datafield><datafield ind1=" " ind2=" " tag="043"><subfield code="a">n-us-nv</subfield></datafield><datafield ind1=" " ind2=" " tag="045"><subfield code="a">w6w6</subfield></datafield><datafield ind1=" " ind2="4" tag="050"><subfield code="a">AN</subfield></datafield><datafield ind1=" " ind2=" " tag="052"><subfield code="a">4353</subfield><subfield code="b">L3</subfield></datafield><datafield ind1="0" ind2="0" tag="245"><subfield code="a">Daily Reese River reveille.</subfield></datafield><datafield ind1=" " ind2=" " tag="260"><subfield code="a">Austin, N.T. [i.e Nev.] :</subfield><subfield code="b">J.D. Fairchild and Co.,</subfield><subfield code="c">1864-1869.</subfield></datafield><datafield ind1=" " ind2=" " tag="300"><subfield code="a">10  v. ;</subfield><subfield code="c">46 cm.</subfield></datafield><datafield ind1=" " ind2=" " tag="310"><subfield code="a">Daily (except Mon.)</subfield></datafield><datafield ind1="0" ind2=" " tag="362"><subfield code="a">Vol. 2, no. 1 (May 24, 1864)-v. 11, no. 154 (May 25, 1869).</subfield></datafield><datafield ind1=" " ind2=" " tag="530"><subfield code="a">Available on microfilm from the State Historical Society of Wisconsin.</subfield></datafield><datafield ind1=" " ind2="0" tag="651"><subfield code="a">Austin (Nev.)</subfield><subfield code="v">Newspapers.</subfield></datafield><datafield ind1=" " ind2="7" tag="651"><subfield code="a">Nevada</subfield><subfield code="z">Austin.</subfield><subfield code="2">fast</subfield><subfield code="0">(OCoLC)fst01220325</subfield></datafield><datafield ind1=" " ind2="7" tag="655"><subfield code="a">Newspapers.</subfield><subfield code="2">fast</subfield><subfield code="0">(OCoLC)fst01423814</subfield></datafield><datafield ind1=" " ind2=" " tag="752"><subfield code="a">United States</subfield><subfield code="b">Nevada</subfield><subfield code="c">Lander</subfield><subfield code="d">Austin.</subfield></datafield><datafield ind1="0" ind2="0" tag="780"><subfield code="t">Reese River reveille (Austin, Nev. : 1863)</subfield><subfield code="w">(DLC)sn 84022036</subfield><subfield code="w">(OCoLC)10266008</subfield></datafield><datafield ind1="0" ind2="0" tag="785"><subfield code="t">Reese River reveille (Austin, Nev. : 1869)</subfield><subfield code="w">(DLC)sn 84022037</subfield><subfield code="w">(OCoLC)10266088</subfield></datafield><datafield ind1="4" ind2="1" tag="856"><subfield code="3">08/05/1864 to 08/11/1864</subfield><subfield code="u">http://infoweb.newsbank.com/?db=EANX&amp;s_browseRef=decades/11C08F3EAAED307C/all.xml</subfield></datafield></record>